<record xmlns="http://www.loc.gov/MARC21/slim" xmlns:xsi="http://www.w3.org/2001/XMLSchema-instance" xsi:schemaLocation="http://www.loc.gov/MARC21/slim http://www.loc.gov/standards/marcxml/schema/MARC21slim.xsd"><leader>00389cz   2200133n  4500</leader><controlfield tag="001">oca03729066 </controlfield><controlfield tag="005">19960212092910.5</controlfield><controlfield tag="008">941129n| acannaab|          |a aaa |||  </controlfield><datafield ind1=" " ind2=" " tag="010"><subfield code="a">n  94114809 </subfield><subfield code="z">n  79108894 </subfield></datafield><datafield ind1=" " ind2=" " tag="040"><subfield code="a">DLC</subfield><subfield code="c">DLC</subfield><subfield code="d">DLC</subfield></datafield><datafield ind1="0" ind2=" " tag="100"><subfield code="a">Moschus</subfield></datafield><datafield ind1="0" ind2=" " tag="400"><subfield code="a">Moschus,</subfield><subfield code="c">of Syracuse</subfield><subfield code="w">nne</subfield></datafield><datafield ind1=" " ind2=" " tag="670"><subfield code="a">Europa, 1991:</subfield><subfield code="b">t.p. (Moschus)</subfield></datafield><datafield ind1=" " ind2=" " tag="670"><subfield code="a">LC data base, 11/29/94 </subfield><subfield code="b">(hdg.: Moschus, of Syracuse)</subfield></datafield></record>